@inproceedings{szegedy2015going,
  title={Going deeper with convolutions},
  author={Szegedy, Christian and Liu, Wei and Jia, Yangqing and Sermanet, Pierre and Reed, Scott and Anguelov, Dragomir and Erhan, Dumitru and Vanhoucke, Vincent and Rabinovich, Andrew},
  booktitle={Proceedings of the IEEE conference on computer vision and pattern recognition},
  pages={1--9},
  year={2015}
}

@inproceedings{jain2018compensated,
  title={Compensated-DNN: Energy efficient low-precision deep neural networks by compensating quantization errors},
  author={Jain, Shubham and Venkataramani, Swagath and Srinivasan, Vijayalakshmi and Choi, Jungwook and Chuang, Pierce and Chang, Leland},
  booktitle={Proceedings of the 55th Annual Design Automation Conference},
  pages={1--6},
  year={2018}
}

@article{luo2016dadiannao,
  title={DaDianNao: A neural network supercomputer},
  author={Luo, Tao and Liu, Shaoli and Li, Ling and Wang, Yuqing and Zhang, Shijin and Chen, Tianshi and Xu, Zhiwei and Temam, Olivier and Chen, Yunji},
  journal={IEEE Transactions on Computers},
  volume={66},
  number={1},
  pages={73--88},
  year={2016},
  publisher={IEEE}
}

@article{simonyan2014very,
  title={Very deep convolutional networks for large-scale image recognition},
  author={Simonyan, Karen and Zisserman, Andrew},
  journal={arXiv preprint arXiv:1409.1556},
  year={2014}
}

@inproceedings{long2015fully,
  title={Fully convolutional networks for semantic segmentation},
  author={Long, Jonathan and Shelhamer, Evan and Darrell, Trevor},
  booktitle={Proceedings of the IEEE conference on computer vision and pattern recognition},
  pages={3431--3440},
  year={2015}
}

@article{yoon2018efficient,
  title={Efficient B-mode ultrasound image reconstruction from sub-sampled RF data using deep learning},
  author={Yoon, Yeo Hun and Khan, Shujaat and Huh, Jaeyoung and Ye, Jong Chul},
  journal={IEEE transactions on medical imaging},
  volume={38},
  number={2},
  pages={325--336},
  year={2018},
  publisher={IEEE}
}

@inproceedings{ibrahim2019study,
  title={A study on heart segmentation using deep learning algorithm for mri scans},
  author={Ibrahim, Shakeel Muhammad and Ibrahim, Muhammad Sohail and Usman, Muhammad and Naseem, Imran and Moinuddin, Muhammad},
  booktitle={2019 13th International Conference on Mathematics, Actuarial Science, Computer Science and Statistics (MACS)},
  pages={1--5},
  year={2019},
  organization={IEEE}
}


@inproceedings{alwani2016fused,
  title={Fused-layer CNN accelerators},
  author={Alwani, Manoj and Chen, Han and Ferdman, Michael and Milder, Peter},
  booktitle={2016 49th Annual IEEE/ACM International Symposium on Microarchitecture (MICRO)},
  pages={1--12},
  year={2016},
  organization={IEEE}
}

@inproceedings{judd2016stripes,
  title={Stripes: Bit-serial deep neural network computing},
  author={Judd, Patrick and Albericio, Jorge and Hetherington, Tayler and Aamodt, Tor M and Moshovos, Andreas},
  booktitle={2016 49th Annual IEEE/ACM International Symposium on Microarchitecture (MICRO)},
  pages={1--12},
  year={2016},
  organization={IEEE}
}

@article{kim2021compreend,
  title={ComPreEND: Computation Pruning through Predictive Early Negative Detection for ReLU in a Deep Neural Network Accelerator},
  author={Kim, Namhyung and Park, Hanmin and Lee, Dongwoo and Kang, Sungbum and Lee, Jinho and Choi, Kiyoung},
  journal={IEEE Transactions on Computers},
  year={2021},
  publisher={IEEE}
}

@inproceedings{chen2019comprrae,
  title={CompRRAE: RRAM-based convolutional neural network accelerator with r educed computations through ar untime a ctivation e stimation},
  author={Chen, Xizi and Zhu, Jingyang and Jiang, Jingbo and Tsui, Chi-Ying},
  booktitle={Proceedings of the 24th Asia and South Pacific design automation conference},
  pages={133--139},
  year={2019}
}

@inproceedings{lee2018compend,
  title={ComPEND: Computation Pruning through Early Negative Detection for ReLU in a deep neural network accelerator},
  author={Lee, Dongwoo and Kang, Sungbum and Choi, Kiyoung},
  booktitle={Proceedings of the 2018 International Conference on Supercomputing},
  pages={139--148},
  year={2018}
}


@inproceedings{zhang2015optimizing,
  title={Optimizing FPGA-based accelerator design for deep convolutional neural networks},
  author={Zhang, Chen and Li, Peng and Sun, Guangyu and Guan, Yijin and Xiao, Bingjun and Cong, Jason},
  booktitle={Proceedings of the 2015 ACM/SIGDA international symposium on field-programmable gate arrays},
  pages={161--170},
  year={2015}
}

@article{albericio2016cnvlutin,
  title={Cnvlutin: Ineffectual-neuron-free deep neural network computing},
  author={Albericio, Jorge and Judd, Patrick and Hetherington, Tayler and Aamodt, Tor and Jerger, Natalie Enright and Moshovos, Andreas},
  journal={ACM SIGARCH Computer Architecture News},
  volume={44},
  number={3},
  pages={1--13},
  year={2016},
  publisher={ACM New York, NY, USA}
}

@article{chetlur2014cudnn,
  title={cudnn: Efficient primitives for deep learning},
  author={Chetlur, Sharan and Woolley, Cliff and Vandermersch, Philippe and Cohen, Jonathan and Tran, John and Catanzaro, Bryan and Shelhamer, Evan},
  journal={arXiv preprint arXiv:1410.0759},
  year={2014}
}


@article{lee2018unpu,
  title={UNPU: An energy-efficient deep neural network accelerator with fully variable weight bit precision},
  author={Lee, Jinmook and Kim, Changhyeon and Kang, Sanghoon and Shin, Dongjoo and Kim, Sangyeob and Yoo, Hoi-Jun},
  journal={IEEE Journal of Solid-State Circuits},
  volume={54},
  number={1},
  pages={173--185},
  year={2018},
  publisher={IEEE}
}

@article{hsu2020essa,
  title={ESSA: An energy-Aware bit-Serial streaming deep convolutional neural network accelerator},
  author={Hsu, Lien-Chih and Chiu, Ching-Te and Lin, Kuan-Ting and Chou, Hsing-Huan and Pu, Yen-Yu},
  journal={Journal of Systems Architecture},
  volume={111},
  pages={101831},
  year={2020},
  publisher={Elsevier}
}

@article{li2022bitcluster,
  title={BitCluster: Fine-Grained Weight Quantization for Load-Balanced Bit-Serial Neural Network Accelerators},
  author={Li, Ang and Mo, Huiyu and Zhu, Wenping and Li, Qiang and Yin, Shouyi and Wei, Shaojun and Liu, Leibo},
  journal={IEEE Transactions on Computer-Aided Design of Integrated Circuits and Systems},
  volume={41},
  number={11},
  pages={4747--4757},
  year={2022},
  publisher={IEEE}
}

@article{liu2020precision,
  title={A precision-scalable energy-efficient convolutional neural network accelerator},
  author={Liu, Wenjian and Lin, Jun and Wang, Zhongfeng},
  journal={IEEE Transactions on Circuits and Systems I: Regular Papers},
  volume={67},
  number={10},
  pages={3484--3497},
  year={2020},
  publisher={IEEE}
}

@INPROCEEDINGS{albericio2017bitpragmatic,
  author={Albericio, Jorge and Delmás, Alberto and Judd, Patrick and Sharify, Sayeh and O’Leary, Gerard and Genov, Roman and Moshovos, Andreas},
  booktitle={2017 50th Annual IEEE/ACM International Symposium on Microarchitecture (MICRO)}, 
  title={Bit-Pragmatic Deep Neural Network Computing}, 
  year={2017},
  volume={},
  number={},
  pages={382-394},
  doi={}}
  
  @inproceedings{sharify2019laconic,
  title={Laconic deep learning inference acceleration},
  author={Sharify, Sayeh and Lascorz, Alberto Delmas and Mahmoud, Mostafa and Nikolic, Milos and Siu, Kevin and Stuart, Dylan Malone and Poulos, Zissis and Moshovos, Andreas},
  booktitle={Proceedings of the 46th International Symposium on Computer Architecture},
  pages={304--317},
  year={2019}
}

@article{judd2018proteus,
  title={Proteus: Exploiting precision variability in deep neural networks},
  author={Judd, Patrick and Albericio, Jorge and Hetherington, Tayler and Aamodt, Tor and Jerger, Natalie Enright and Urtasun, Raquel and Moshovos, Andreas},
  journal={Parallel Computing},
  volume={73},
  pages={40--51},
  year={2018},
  publisher={Elsevier}
}

@inproceedings{shin2017fixed,
  title={Fixed-point optimization of deep neural networks with adaptive step size retraining},
  author={Shin, Sungho and Boo, Yoonho and Sung, Wonyong},
  booktitle={2017 IEEE International conference on acoustics, speech and signal processing (ICASSP)},
  pages={1203--1207},
  year={2017},
  organization={IEEE}
}

@inproceedings{sharma2018bit,
  title={Bit fusion: Bit-level dynamically composable architecture for accelerating deep neural network},
  author={Sharma, Hardik and Park, Jongse and Suda, Naveen and Lai, Liangzhen and Chau, Benson and Chandra, Vikas and Esmaeilzadeh, Hadi},
  booktitle={2018 ACM/IEEE 45th Annual International Symposium on Computer Architecture (ISCA)},
  pages={764--775},
  year={2018},
  organization={IEEE}
}

@article{cai2021olympus,
  title={Olympus: Reaching memory-optimality on DNN processors},
  author={Cai, Xuyi and Wang, Ying and Tu, Kaijie and Gao, Chengsi and Zhang, Lei},
  journal={IEEE Transactions on Computers},
  volume={71},
  number={8},
  pages={1939--1951},
  year={2021},
  publisher={IEEE}
}

@article{waeijen2021convfusion,
  title={ConvFusion: A Model for Layer Fusion in Convolutional Neural Networks},
  author={Waeijen, Luc and Sioutas, Savvas and Peemen, Maurice and Lindwer, Menno and Corporaal, Henk},
  journal={IEEE Access},
  volume={9},
  pages={168245--168267},
  year={2021},
  publisher={IEEE}
}

@article{zhao2018deepthings,
  title={Deepthings: Distributed adaptive deep learning inference on resource-constrained iot edge clusters},
  author={Zhao, Zhuoran and Barijough, Kamyar Mirzazad and Gerstlauer, Andreas},
  journal={IEEE Transactions on Computer-Aided Design of Integrated Circuits and Systems},
  volume={37},
  number={11},
  pages={2348--2359},
  year={2018},
  publisher={IEEE}
}

@inproceedings{wei2018tgpa,
  title={TGPA: Tile-grained pipeline architecture for low latency CNN inference},
  author={Wei, Xuechao and Liang, Yun and Li, Xiuhong and Yu, Cody Hao and Zhang, Peng and Cong, Jason},
  booktitle={2018 IEEE/ACM International Conference on Computer-Aided Design (ICCAD)},
  pages={1--8},
  year={2018},
  organization={ACM}
}

@inproceedings{xiao2017exploring,
  title={Exploring heterogeneous algorithms for accelerating deep convolutional neural networks on FPGAs},
  author={Xiao, Qingcheng and Liang, Yun and Lu, Liqiang and Yan, Shengen and Tai, Yu-Wing},
  booktitle={Proceedings of the 54th Annual Design Automation Conference 2017},
  pages={1--6},
  year={2017}
}

@inproceedings{li2022fused,
  title={Fused-Layer-based DNN Model Parallelism and Partial Computation Offloading},
  author={Li, Mingze and Wang, Ning and Zhou, Huan and Duan, Yubin and Wu, Jie},
  booktitle={GLOBECOM 2022-2022 IEEE Global Communications Conference},
  pages={5195--5200},
  year={2022},
  organization={IEEE}
}

@article{zhou2022accelerating,
  title={Accelerating Deep Learning Inference via Model Parallelism and Partial Computation Offloading},
  author={Zhou, Huan and Li, Mingze and Wang, Ning and Min, Geyong and Wu, Jie},
  journal={IEEE Transactions on Parallel and Distributed Systems},
  volume={34},
  number={2},
  pages={475--488},
  year={2022},
  publisher={IEEE}
}

@article{tewari2021minimizing,
  title={Minimizing off-chip memory access for CNN accelerators},
  author={Tewari, Saurabh and Kumar, Anshul and Paul, Kolin},
  journal={IEEE Consumer Electronics Magazine},
  volume={11},
  number={3},
  pages={95--104},
  year={2021},
  publisher={IEEE}
}

@article{ahmad2020superslash,
  title={SuperSlash: A unified design space exploration and model compression methodology for design of deep learning accelerators with reduced off-chip memory access volume},
  author={Ahmad, Hazoor and Arif, Tabasher and Hanif, Muhammad Abdullah and Hafiz, Rehan and Shafique, Muhammad},
  journal={IEEE Transactions on Computer-Aided Design of Integrated Circuits and Systems},
  volume={39},
  number={11},
  pages={4191--4204},
  year={2020},
  publisher={IEEE}
}

@inproceedings{tewari2020bus,
  title={Bus width aware off-chip memory access minimization for CNN accelerators},
  author={Tewari, Saurabh and Kumar, Anshul and Paul, Kolin},
  booktitle={2020 IEEE Computer Society Annual Symposium on VLSI (ISVLSI)},
  pages={240--245},
  year={2020},
  organization={IEEE}
}

@article{kang2021multi,
  title={Multi-bank on-chip memory management techniques for cnn accelerators},
  author={Kang, Duseok and Kang, Donghyun and Ha, Soonhoi},
  journal={IEEE Transactions on Computers},
  volume={71},
  number={5},
  pages={1181--1193},
  year={2021},
  publisher={IEEE}
}

@inproceedings{akhlaghi2018snapea,
  title={Snapea: Predictive early activation for reducing computation in deep convolutional neural networks},
  author={Akhlaghi, Vahideh and Yazdanbakhsh, Amir and Samadi, Kambiz and Gupta, Rajesh K and Esmaeilzadeh, Hadi},
  booktitle={2018 ACM/IEEE 45th Annual International Symposium on Computer Architecture (ISCA)},
  pages={662--673},
  year={2018},
  organization={IEEE}
}

@inproceedings{mallappa2022terminetor,
  title={TermiNETor: Early Convolution Termination for Efficient Deep Neural Networks},
  author={Mallappa, Uday and Gangwar, Pranav and Khaleghi, Behnam and Yang, Haichao and Rosing, Tajana},
  booktitle={2022 IEEE 40th International Conference on Computer Design (ICCD)},
  pages={635--643},
  year={2022},
  organization={IEEE}
}

@article{asadikouhanjani2020novel,
  title={A novel architecture for early detection of negative output features in deep neural network accelerators},
  author={Asadikouhanjani, Mohammadreza and Ko, Seok-Bum},
  journal={IEEE Transactions on Circuits and Systems II: Express Briefs},
  volume={67},
  number={12},
  pages={3332--3336},
  year={2020},
  publisher={IEEE}
}

@inproceedings{shuvo2020msb,
  title={MSB-First Distributed Arithmetic Circuit for Convolution Neural Network Computation},
  author={Shuvo, Md Kamruzzaman and Thompson, David E and Wang, Haibo},
  booktitle={2020 IEEE 63rd International Midwest Symposium on Circuits and Systems (MWSCAS)},
  pages={399--402},
  year={2020},
  organization={IEEE}
}

@article{karadeniz2021talipot,
  title={TALIPOT: Energy-Efficient DNN Booster Employing Hybrid Bit Parallel-Serial Processing in MSB-First Fashion},
  author={Karadeniz, Mahmut Burak and Altun, Mustafa},
  journal={IEEE Transactions on Computer-Aided Design of Integrated Circuits and Systems},
  volume={41},
  number={8},
  pages={2714--2727},
  year={2021},
  publisher={IEEE}
}

@article{usman2023low,
  title={Low-Latency Online Multiplier with Reduced Activities and Minimized Interconnect for Inner Product Arrays},
  author={Usman, Muhammad and D. Ercegovac, Milo{\v{s}} and Lee, Jeong-A},
  journal={Journal of Signal Processing Systems},
  pages={1--20},
  year={2023},
  publisher={Springer}
}


%%%%%%%%%%%%%%%%%%%%%%%%%%%%%%%%%%%%%%%%%%%%%%%


@INPROCEEDINGS{ercegovac2020,
  author={Ercegovac, Miloš D.},
  booktitle={2020 54th Asilomar Conference on Signals, Systems, and Computers}, 
  title={On Reducing Module Activities in Online Arithmetic Operations}, 
  year={2020},
  volume={},
  number={},
  pages={524-528},
  doi={10.1109/IEEECONF51394.2020.9443576}}

@article{chen2019eyeriss,
  title={Eyeriss v2: A flexible accelerator for emerging deep neural networks on mobile devices},
  author={Chen, Yu-Hsin and Yang, Tien-Ju and Emer, Joel and Sze, Vivienne},
  journal={IEEE Journal on Emerging and Selected Topics in Circuits and Systems},
  volume={9},
  number={2},
  pages={292--308},
  year={2019},
  publisher={IEEE}
}

@article{venieris2018toolflows,
  title={Toolflows for mapping convolutional neural networks on FPGAs: A survey and future directions},
  author={Venieris, Stylianos I and Kouris, Alexandros and Bouganis, Christos-Savvas},
  journal={arXiv preprint arXiv:1803.05900},
  year={2018}
}

@article{khan2020survey,
  title={A survey of the recent architectures of deep convolutional neural networks},
  author={Khan, Asifullah and Sohail, Anabia and Zahoora, Umme and Qureshi, Aqsa Saeed},
  journal={Artificial Intelligence Review},
  volume={53},
  number={8},
  pages={5455--5516},
  year={2020},
  publisher={Springer}
}

@article{chen2016eyeriss,
  title={Eyeriss: An energy-efficient reconfigurable accelerator for deep convolutional neural networks},
  author={Chen, Yu-Hsin and Krishna, Tushar and Emer, Joel S and Sze, Vivienne},
  journal={IEEE journal of solid-state circuits},
  volume={52},
  number={1},
  pages={127--138},
  year={2016},
  publisher={IEEE}
}

@article{yuejun2018ultra,
  title={An ultra-low power multiplier using multi-valued adiabatic logic in 65 nm CMOS process},
  author={Yuejun, Zhang and Dailu, Ding and Zhao, Pan and Pengjun, Wang and Qiaoyan, Yu},
  journal={Microelectronics Journal},
  volume={78},
  pages={26--34},
  year={2018},
  publisher={Elsevier}
}

@inproceedings{yao2019design,
  title={Design of Low Power Multiplier for Vision chips},
  author={Yao, Chunhe and Luo, Qian and Ning, Ke and Yu, Shuangming and Liu, Liyuan and Wu, Nanjian},
  booktitle={2019 IEEE International Conference on Integrated Circuits, Technologies and Applications (ICTA)},
  pages={71--72},
  year={2019},
  organization={IEEE}
}

@inproceedings{yang2017low,
  title={Low-power and high-speed approximate multiplier design with a tree compressor},
  author={Yang, Tongxin and Ukezono, Tomoaki and Sato, Toshinori},
  booktitle={2017 IEEE International Conference on Computer Design (ICCD)},
  pages={89--96},
  year={2017},
  organization={IEEE}
}

@article{liu2017design,
  title={Design of approximate radix-4 booth multipliers for error-tolerant computing},
  author={Liu, Weiqiang and Qian, Liangyu and Wang, Chenghua and Jiang, Honglan and Han, Jie and Lombardi, Fabrizio},
  journal={IEEE Transactions on Computers},
  volume={66},
  number={8},
  pages={1435--1441},
  year={2017},
  publisher={IEEE}
}

@article{lin2019novel,
  title={Novel low voltage and low power array multiplier design for IoT applications},
  author={Lin, Jin-Fa and Chan, Cheng-Yu and Yu, Shao-Wei},
  journal={Electronics},
  volume={8},
  number={12},
  pages={1429},
  year={2019},
  publisher={Multidisciplinary Digital Publishing Institute}
}

@book{ercegovac2004digital,
  title={Digital arithmetic},
  author={Ercegovac, Milos D and Lang, Tomas},
  year={2004},
  publisher={Elsevier}
}

@inproceedings{palchaudhuri2017redundant,
  title={Redundant arithmetic based high speed carry free hybrid adders with built-in scan chain on FPGAs},
  author={Palchaudhuri, Ayan and Dhar, Anindya Sundar},
  booktitle={2017 IEEE 24th International Conference on High Performance Computing (HiPC)},
  pages={104--113},
  year={2017},
  organization={IEEE}
}

@article{rajagopal2006truncated,
  title={Truncated online arithmetic with applications to communication systems},
  author={Rajagopal, Sridhar and Cavallaro, Joseph R},
  journal={IEEE Transactions on Computers},
  volume={55},
  number={10},
  pages={1240--12529},
  year={2006},
  publisher={IEEE}
}

@article{lee1992constant,
  title={Constant-factor redundant CORDIC for angle calculation and rotation},
  author={Lee, J-A and Lang, Tom{\'a}s},
  journal={IEEE Transactions on Computers},
  number={8},
  pages={1016--1025},
  year={1992},
  publisher={IEEE}
}

@inproceedings{wang2018training,
  title={Training deep neural networks with 8-bit floating point numbers},
  author={Wang, Naigang and Choi, Jungwook and Brand, Daniel and Chen, Chia-Yu and Gopalakrishnan, Kailash},
  booktitle={Advances in neural information processing systems},
  pages={7675--7684},
  year={2018}
}



@inproceedings{ercegovac2017left,
  title={On left-to-right arithmetic},
  author={Ercegovac, Milo{\v{s}} D},
  booktitle={2017 51st Asilomar Conference on Signals, Systems, and Computers},
  pages={750--754},
  year={2017},
  organization={IEEE}
}

@inproceedings{ercegovac2014low,
  title={Low-power radix-4 quotient generator},
  author={Ercegovac, Milo{\v{s}} D and Meng, Lu},
  booktitle={2014 48th Asilomar Conference on Signals, Systems and Computers},
  pages={1252--1255},
  year={2014},
  organization={IEEE}
}

@article{villalba2011radix,
  title={Radix-2 multioperand and multiformat streaming online addition},
  author={Villalba, Julio and Lang, Tomas and Hormigo, Javier},
  journal={IEEE Transactions on Computers},
  volume={61},
  number={6},
  pages={790--803},
  year={2011},
  publisher={IEEE}
}

@article{arifeen2020approximate,
  title={Approximate Triple Modular Redundancy: A Survey},
  author={Arifeen, Tooba and Hassan, Abdus Sami and Lee, Jeong-A},
  journal={IEEE Access},
  year={2020},
  publisher={IEEE}
}

@inproceedings{ercegovac2013approximate,
  title={On approximate arithmetic},
  author={Ercegovac, Milo{\v{s}} D},
  booktitle={2013 Asilomar Conference on Signals, Systems and Computers},
  pages={126--130},
  year={2013},
  organization={IEEE}
}

@inproceedings{huang2001fpga,
  title={FPGA implementation of pipelined on-line scheme for 3-D vector normalization},
  author={Huang, Zhijun and Ercegovac, Milos D},
  booktitle={The 9th Annual IEEE Symposium on Field-Programmable Custom Computing Machines (FCCM'01)},
  pages={61--70},
  year={2001},
  organization={IEEE}
}

@article{cardarilli2019approximated,
  title={Approximated computing for low power neural networks},
  author={Cardarilli, Gian Carlo and Di Nunzio, Luca and Fazzolari, Rocco and Giardino, Daniele and Matta, Marco and Patetta, Mario and Re, Marco and Span{\`o}, Sergio},
  journal={Telkomnika},
  volume={17},
  number={3},
  pages={1236--1241},
  year={2019},
  publisher={Ahmad Dahlan University}
}

@inproceedings{albicocco2013truncated,
  title={Truncated multipliers through power-gating for degrading precision arithmetic},
  author={Albicocco, Pietro and Cardarilli, Gian Carlo and Nannarelli, Alberto and Petricca, Massimo and Re, Marco},
  booktitle={2013 Asilomar Conference on Signals, Systems and Computers},
  pages={2172--2176},
  year={2013},
  organization={IEEE}
}

@inproceedings{sinky2004design,
  title={Design of a color image processing algorithm using online arithmetic modules},
  author={Sinky, Mohammed H and Tenca, Alexandre F and Shantilal, Ajay C and Lucchese, Luca},
  booktitle={Advanced Signal Processing Algorithms, Architectures, and Implementations XIV},
  volume={5559},
  pages={79--90},
  year={2004},
  organization={International Society for Optics and Photonics}
}

@inproceedings{tenca1998variable,
  title={A variable long-precision arithmetic unit design for reconfigurable coprocessor architectures},
  author={Tenca, Alexandre F and Ercegovac, Milos D},
  booktitle={Proceedings. IEEE Symposium on FPGAs for Custom Computing Machines (Cat. No. 98TB100251)},
  pages={216--225},
  year={1998},
  organization={IEEE}
}

@inproceedings{rajagopal2001line,
  title={On-line arithmetic for detection in digital communication receivers},
  author={Rajagopal, Sridhar and Cavallaro, Joseph R},
  booktitle={Proceedings 15th IEEE Symposium on Computer Arithmetic. ARITH-15 2001},
  pages={257--265},
  year={2001},
  organization={IEEE}
}

@article{ercegovac1987fly,
  title={On-the-fly conversion of redundant into conventional representations},
  author={Ercegovac, Milos D and Lang, Tomas},
  journal={IEEE Transactions on Computers},
  number={7},
  pages={895--897},
  year={1987},
  publisher={IEEE}
}

@phdthesis{elshafei2009hardware,
  title={Hardware Online Multiplication-Division: A Design and Performance Study},
  author={Elshafei, Abdul-Rahman},
  year={2009},
  school={King Fahd University of Petroleum and Minerals}
}

@inproceedings{dormiani2005design,
  title={A design of online scheme for evaluation of multinomials},
  author={Dormiani, Pouya and Omoto, David and Adharapurapu, Pavan and Ercegovac, Milos D},
  booktitle={Advanced Signal Processing Algorithms, Architectures, and Implementations XV},
  volume={5910},
  pages={59100S},
  year={2005},
  organization={International Society for Optics and Photonics}
}

@inproceedings{galli2001design,
  title={Design and evaluation of online arithmetic for signal processing applications on FPGAs},
  author={Galli, Reto and Tenca, Alexandre F},
  booktitle={Advanced Signal Processing Algorithms, Architectures, and Implementations XI},
  volume={4474},
  pages={134--144},
  year={2001},
  organization={International Society for Optics and Photonics}
}

@article{vasicek2014evolutionary,
  title={Evolutionary approach to approximate digital circuits design},
  author={Vasicek, Zdenek and Sekanina, Lukas},
  journal={IEEE Transactions on Evolutionary Computation},
  volume={19},
  number={3},
  pages={432--444},
  year={2014},
  publisher={IEEE}
}

@inproceedings{wolf2013yosys,
  title={Yosys-a free Verilog synthesis suite},
  author={Wolf, Clifford and Glaser, Johann and Kepler, Johannes},
  booktitle={Proceedings of the 21st Austrian Workshop on Microelectronics (Austrochip)},
  year={2013}
}

@inproceedings{brayton2010abc,
  title={ABC: An academic industrial-strength verification tool},
  author={Brayton, Robert and Mishchenko, Alan},
  booktitle={International Conference on Computer Aided Verification},
  pages={24--40},
  year={2010},
  organization={Springer}
}

@article{sentovich1992sis,
  title={SIS: A system for sequential circuit synthesis},
  author={Sentovich, Ellen M and Singh, Kanwar Jit and Lavagno, Luciano and Moon, Cho and Murgai, Rajeev and Saldanha, Alexander and Savoj, Hamid and Stephan, Paul R and Brayton, Robert K and Sangiovanni-Vincentelli, Alberto},
  year={1992},
  publisher={Citeseer}
}

@article{cheng2019deep,
  title={Deep sparse representation classifier for facial recognition and detection system},
  author={Cheng, Eric-Juwei and Chou, Kuang-Pen and Rajora, Shantanu and Jin, Bo-Hao and Tanveer, Muhammad and Lin, Chin-Teng and Young, Ku-Young and Lin, Wen-Chieh and Prasad, Mukesh},
  journal={Pattern Recognition Letters},
  volume={125},
  pages={71--77},
  year={2019},
  publisher={Elsevier}
}

@article{rhanoui2019cnn,
  title={A CNN-BiLSTM model for document-level sentiment analysis},
  author={Rhanoui, Maryem and Mikram, Mounia and Yousfi, Siham and Barzali, Soukaina},
  journal={Machine Learning and Knowledge Extraction},
  volume={1},
  number={3},
  pages={832--847},
  year={2019},
  publisher={Multidisciplinary Digital Publishing Institute}
}

@inproceedings{gao2018attention,
  title={Attention convolutional neural network for advertiser-level click-through rate forecasting},
  author={Gao, Hongchang and Kong, Deguang and Lu, Miao and Bai, Xiao and Yang, Jian},
  booktitle={Proceedings of the 2018 World Wide Web Conference},
  pages={1855--1864},
  year={2018}
}

@article{liu2016application,
  title={Application of deep convolutional neural networks for detecting extreme weather in climate datasets},
  author={Liu, Yunjie and Racah, Evan and Correa, Joaquin and Khosrowshahi, Amir and Lavers, David and Kunkel, Kenneth and Wehner, Michael and Collins, William and others},
  journal={arXiv preprint arXiv:1605.01156},
  year={2016}
}

@inproceedings{zeng2019kcnn,
  title={KCNN: Kernel-wise Quantization to Remarkably Decrease Multiplications in Convolutional Neural Network.},
  author={Zeng, Linghua and Wang, Zhangcheng and Tian, Xinmei},
  booktitle={IJCAI},
  pages={4234--4242},
  year={2019}
}

@inproceedings{si2018efficient,
  title={An Efficient Convolutional Neural Network Accelerator on FPGA},
  author={Si, Junye and Jiang, Jianfei and Wang, Qin and Huang, Jia},
  booktitle={2018 14th IEEE International Conference on Solid-State and Integrated Circuit Technology (ICSICT)},
  pages={1--3},
  year={2018},
  organization={IEEE}
}

@article{lin2020novel,
  title={A Novel, Efficient Implementation of a Local Binary Convolutional Neural Network},
  author={Lin, Chao and Tang, Chi-Huan and Ni, Chi-Ting and Hu, Xing and Shen, Yu-Tong and Chen, Pei-Yin and Xie, Yuan},
  journal={IEEE Transactions on Circuits and Systems II: Express Briefs},
  volume={68},
  number={4},
  pages={1413--1417},
  year={2020},
  publisher={IEEE}
}

@article{bai2018cnn,
  title={A CNN accelerator on FPGA using depthwise separable convolution},
  author={Bai, Lin and Zhao, Yiming and Huang, Xinming},
  journal={IEEE Transactions on Circuits and Systems II: Express Briefs},
  volume={65},
  number={10},
  pages={1415--1419},
  year={2018},
  publisher={IEEE}
}

@inproceedings{online_overview,
author = {Milos D. Ercegovac},
title = {{On-Line Arithmetic: An Overview}},
volume = {0495},
booktitle = {Real-Time Signal Processing VII},
editor = {Keith Bromley},
organization = {International Society for Optics and Photonics},
publisher = {SPIE},
pages = {86 -- 93},
year = {1984},
doi = {},
URL = {https://doi.org/10.1117/12.944012}
}

@article{baugh1973two,
  title={A two's complement parallel array multiplication algorithm},
  author={Baugh, Charles R and Wooley, Bruce A},
  journal={IEEE Transactions on computers},
  volume={100},
  number={12},
  pages={1045--1047},
  year={1973},
  publisher={IEEE}
}

@phdthesis{bewick1994fast,
  title={Fast multiplication: Algorithms and implementation},
  author={Bewick, Gary Wayne},
  year={1994},
  school={Stanford University}
}

@article{wallace1964suggestion,
  title={A suggestion for a fast multiplier},
  author={Wallace, Christopher S},
  journal={IEEE Transactions on electronic Computers},
  number={1},
  pages={14--17},
  year={1964},
  publisher={IEEE}
}

@article{usman2021aop,
  title={AoP-LSE: Antioxidant Proteins Classification Using Deep Latent Space Encoding of Sequence Features},
  author={Usman, Muhammad and Khan, Shujaat and Park, Seongyong and Lee, Jeong-A},
  journal={Current Issues in Molecular Biology},
  volume={43},
  number={3},
  pages={1489--1501},
  year={2021},
  publisher={MDPI}
}

@article{usman2020afp,
  title={Afp-lse: Antifreeze proteins prediction using latent space encoding of composition of k-spaced amino acid pairs},
  author={Usman, Muhammad and Khan, Shujaat and Lee, Jeong-A},
  journal={Scientific Reports},
  volume={10},
  number={1},
  pages={7197},
  year={2020},
  publisher={Nature Publishing Group UK London}
}

@article{gao2023ctcnet,
  title={CTCNet: A CNN-transformer cooperation network for face image super-resolution},
  author={Gao, Guangwei and Xu, Zixiang and Li, Juncheng and Yang, Jian and Zeng, Tieyong and Qi, Guo-Jun},
  journal={IEEE Transactions on Image Processing},
  volume={32},
  pages={1978--1991},
  year={2023},
  publisher={IEEE}
}

@inproceedings{kwon2019understanding,
  title={Understanding reuse, performance, and hardware cost of dnn dataflow: A data-centric approach},
  author={Kwon, Hyoukjun and Chatarasi, Prasanth and Pellauer, Michael and Parashar, Angshuman and Sarkar, Vivek and Krishna, Tushar},
  booktitle={Proceedings of the 52nd Annual IEEE/ACM International Symposium on Microarchitecture},
  pages={754--768},
  year={2019}
}

@inproceedings{deng2009imagenet,
  title={Imagenet: A large-scale hierarchical image database},
  author={Deng, Jia and Dong, Wei and Socher, Richard and Li, Li-Jia and Li, Kai and Fei-Fei, Li},
  booktitle={2009 IEEE conference on computer vision and pattern recognition},
  pages={248--255},
  year={2009},
  organization={Ieee}
}

@article{jouppi2018domain,
  title={A domain-specific architecture for deep neural networks},
  author={Jouppi, Norman P and Young, Cliff and Patil, Nishant and Patterson, David},
  journal={Communications of the ACM},
  volume={61},
  number={9},
  pages={50--59},
  year={2018},
  publisher={ACM New York, NY, USA}
}

@article{juracy2023cnn,
  title={From CNN to DNN Hardware Accelerators: A Survey on Design, Exploration, Simulation, and Frameworks},
  author={Juracy, Leonardo Rezende and Garibotti, Rafael and Moraes, Fernando Gehm and others},
  journal={Foundations and Trends{\textregistered} in Electronic Design Automation},
  volume={13},
  number={4},
  pages={270--344},
  year={2023},
  publisher={Now Publishers, Inc.}
}
@article{deng2012mnist,
  title={The mnist database of handwritten digit images for machine learning research},
  author={Deng, Li},
  journal={IEEE Signal Processing Magazine},
  volume={29},
  number={6},
  pages={141--142},
  year={2012},
  publisher={IEEE}
}

@inproceedings{he2016deep,
  title={Deep residual learning for image recognition},
  author={He, Kaiming and Zhang, Xiangyu and Ren, Shaoqing and Sun, Jian},
  booktitle={Proceedings of the IEEE conference on computer vision and pattern recognition},
  pages={770--778},
  year={2016}
}

@article{liu2017survey,
  title={A survey of deep neural network architectures and their applications},
  author={Liu, Weibo and Wang, Zidong and Liu, Xiaohui and Zeng, Nianyin and Liu, Yurong and Alsaadi, Fuad E},
  journal={Neurocomputing},
  volume={234},
  pages={11--26},
  year={2017},
  publisher={Elsevier}
}

@article{zhang2016big,
  title={Big data analysis by infinite deep neural networks},
  author={Zhang, Lei and Zhang, Yi},
  journal={Journal of computer research and development},
  volume={53},
  number={1},
  pages={68--79},
  year={2016}
}

@article{strubell2019energy,
  title={Energy and policy considerations for deep learning in NLP},
  author={Strubell, Emma and Ganesh, Ananya and McCallum, Andrew},
  journal={arXiv preprint arXiv:1906.02243},
  year={2019}
}

@inproceedings{narayanan2019pipedream,
  title={PipeDream: Generalized pipeline parallelism for DNN training},
  author={Narayanan, Deepak and Harlap, Aaron and Phanishayee, Amar and Seshadri, Vivek and Devanur, Nikhil R and Ganger, Gregory R and Gibbons, Phillip B and Zaharia, Matei},
  booktitle={Proceedings of the 27th ACM Symposium on Operating Systems Principles},
  pages={1--15},
  year={2019}
}

@inproceedings{deng2018permdnn,
  title={PermDNN: Efficient compressed DNN architecture with permuted diagonal matrices},
  author={Deng, Chunhua and Liao, Siyu and Xie, Yi and Parhi, Keshab K and Qian, Xuehai and Yuan, Bo},
  booktitle={2018 51st Annual IEEE/ACM international symposium on microarchitecture (MICRO)},
  pages={189--202},
  year={2018},
  organization={IEEE}
}

@article{hanif2019hardware,
  title={Hardware--Software Approximations for Deep Neural Networks},
  author={Hanif, Muhammad Abdullah and Javed, Muhammad Usama and Hafiz, Rehan and Rehman, Semeen and Shafique, Muhammad},
  journal={Approximate Circuits: Methodologies and CAD},
  pages={269--288},
  year={2019},
  publisher={Springer}
}

@inproceedings{agrawal2016approximate,
  title={Approximate computing: Challenges and opportunities},
  author={Agrawal, Ankur and Choi, Jungwook and Gopalakrishnan, Kailash and Gupta, Suyog and Nair, Ravi and Oh, Jinwook and Prener, Daniel A and Shukla, Sunil and Srinivasan, Vijayalakshmi and Sura, Zehra},
  booktitle={2016 IEEE International Conference on Rebooting Computing (ICRC)},
  pages={1--8},
  year={2016},
  organization={IEEE}
}

@article{liu2019energy,
  title={An energy-efficient voice activity detector using deep neural networks and approximate computing},
  author={Liu, Bo and Wang, Zhen and Guo, Shisheng and Yu, Huazhen and Gong, Yu and Yang, Jun and Shi, Longxing},
  journal={Microelectronics Journal},
  volume={87},
  pages={12--21},
  year={2019},
  publisher={Elsevier}
}

@article{nwankpa2018activation,
  title={Activation functions: Comparison of trends in practice and research for deep learning},
  author={Nwankpa, Chigozie and Ijomah, Winifred and Gachagan, Anthony and Marshall, Stephen},
  journal={arXiv preprint arXiv:1811.03378},
  year={2018}
}

@article{dubey2022activation,
  title={Activation functions in deep learning: A comprehensive survey and benchmark},
  author={Dubey, Shiv Ram and Singh, Satish Kumar and Chaudhuri, Bidyut Baran},
  journal={Neurocomputing},
  year={2022},
  publisher={Elsevier}
}

@article{wang2020influence,
  title={The influence of the activation function in a convolution neural network model of facial expression recognition},
  author={Wang, Yingying and Li, Yibin and Song, Yong and Rong, Xuewen},
  journal={Applied Sciences},
  volume={10},
  number={5},
  pages={1897},
  year={2020},
  publisher={MDPI}
}

@article{fukushima1975cognitron,
  title={Cognitron: A self-organizing multilayered neural network},
  author={Fukushima, Kunihiko},
  journal={Biological cybernetics},
  volume={20},
  number={3-4},
  pages={121--136},
  year={1975},
  publisher={Springer}
}

@article{alom2018history,
  title={The history began from alexnet: A comprehensive survey on deep learning approaches},
  author={Alom, Md Zahangir and Taha, Tarek M and Yakopcic, Christopher and Westberg, Stefan and Sidike, Paheding and Nasrin, Mst Shamima and Van Esesn, Brian C and Awwal, Abdul A S and Asari, Vijayan K},
  journal={arXiv preprint arXiv:1803.01164},
  year={2018}
}

@article{shi2017speeding,
  title={Speeding up convolutional neural networks by exploiting the sparsity of rectifier units},
  author={Shi, Shaohuai and Chu, Xiaowen},
  journal={arXiv preprint arXiv:1704.07724},
  year={2017}
}

@article{shomron2018spatial,
  title={Spatial correlation and value prediction in convolutional neural networks},
  author={Shomron, Gil and Weiser, Uri},
  journal={IEEE Computer Architecture Letters},
  volume={18},
  number={1},
  pages={10--13},
  year={2018},
  publisher={IEEE}
}

@inproceedings{zhang2015approxann,
  title={ApproxANN: An approximate computing framework for artificial neural network},
  author={Zhang, Qian and Wang, Ting and Tian, Ye and Yuan, Feng and Xu, Qiang},
  booktitle={2015 Design, Automation \& Test in Europe Conference \& Exhibition (DATE)},
  pages={701--706},
  year={2015},
  organization={IEEE}
}

@article{chen2016eyeriss,
  title={Eyeriss: An energy-efficient reconfigurable accelerator for deep convolutional neural networks},
  author={Chen, Yu-Hsin and Krishna, Tushar and Emer, Joel S and Sze, Vivienne},
  journal={IEEE journal of solid-state circuits},
  volume={52},
  number={1},
  pages={127--138},
  year={2016},
  publisher={IEEE}
}

@inproceedings{gao2017tetris,
  title={Tetris: Scalable and efficient neural network acceleration with 3d memory},
  author={Gao, Mingyu and Pu, Jing and Yang, Xuan and Horowitz, Mark and Kozyrakis, Christos},
  booktitle={Proceedings of the Twenty-Second International Conference on Architectural Support for Programming Languages and Operating Systems},
  pages={751--764},
  year={2017}
}

@inproceedings{lin2017predictivenet,
  title={PredictiveNet: An energy-efficient convolutional neural network via zero prediction},
  author={Lin, Yingyan and Sakr, Charbel and Kim, Yongjune and Shanbhag, Naresh},
  booktitle={2017 IEEE international symposium on circuits and systems (ISCAS)},
  pages={1--4},
  year={2017},
  organization={IEEE}
}

@inproceedings{song2018prediction,
  title={Prediction based execution on deep neural networks},
  author={Song, Mingcong and Zhao, Jiechen and Hu, Yang and Zhang, Jiaqi and Li, Tao},
  booktitle={2018 ACM/IEEE 45th Annual International Symposium on Computer Architecture (ISCA)},
  pages={752--763},
  year={2018},
  organization={IEEE}
}

@article{suresh2021early,
  title={Early Prediction of DNN Activation Using Hierarchical Computations},
  author={Suresh, Bharathwaj and Pillai, Kamlesh and Kalsi, Gurpreet Singh and Abuhatzera, Avishaii and Subramoney, Sreenivas},
  journal={Mathematics},
  volume={9},
  number={23},
  pages={3130},
  year={2021},
  publisher={MDPI}
}

@inproceedings{isobe2020low,
  title={Low-bit Quantized CNN Acceleration based on Bit-serial Dot Product Unit with Zero-bit Skip},
  author={Isobe, Sora and Tomioka, Yoichi},
  booktitle={2020 Eighth International Symposium on Computing and Networking (CANDAR)},
  pages={141--145},
  year={2020},
  organization={IEEE}
}

@article{pan2023bitset,
  title={BitSET: Bit-Serial Early Termination for Computation Reduction in Convolutional Neural Networks},
  author={Pan, Yunjie and Yu, Jiecao and Lukefahr, Andrew and Das, Reetuparna and Mahlke, Scott},
  journal={ACM Transactions on Embedded Computing Systems},
  volume={22},
  number={5s},
  pages={1--24},
  year={2023},
  publisher={ACM New York, NY}
}

@article{ibrahim2023dslot,
  title={DSLOT-NN: Digit-Serial Left-to-Right Neural Network Accelerator},
  author={Ibrahim, Muhammad Sohail and Usman, Muhammad and Nisar, Malik Zohaib and others},
  journal={arXiv preprint arXiv:2309.06019},
  year={2023}
}

@inproceedings{marcel2010torchvision,
  title={Torchvision the machine-vision package of torch},
  author={Marcel, S{\'e}bastien and Rodriguez, Yann},
  booktitle={Proceedings of the 18th ACM international conference on Multimedia},
  pages={1485--1488},
  year={2010}
}